@article{voorwerp,
  title={Galaxy Zoo:‘Hanny's Voorwerp’, a quasar light echo?},
  author={Lintott, Chris J and Schawinski, Kevin and Keel, William and Van Arkel, Hanny and Bennert, Nicola and Edmondson, Edward and Thomas, Daniel and Smith, Daniel JB and Herbert, Peter D and Jarvis, Matt J and others},
  journal={Monthly Notices of the Royal Astronomical Society},
  volume={399},
  number={1},
  pages={129--140},
  year={2009},
  publisher={Blackwell Publishing Ltd Oxford, UK}
}

@article{quasars,
  title={3 C 273: a star-like object with large red-shift},
  author={Schmidt, Maarten},
  journal={Nature},
  volume={197},
  number={4872},
  pages={1040--1040},
  year={1963},
  publisher={Nature Publishing Group UK London}
}

@article{lsst_events,
  title={Machine-learning-based Brokers for Real-time Classification of the LSST Alert Stream},
  author={Narayan, Gautham and Zaidi, Tayeb and Soraisam, Monika D and Wang, Zhe and Lochner, Michelle and Matheson, Thomas and Saha, Abhijit and Yang, Shuo and Zhao, Zhenge and Kececioglu, John and others},
  journal={The Astrophysical Journal Supplement Series},
  volume={236},
  number={1},
  pages={9},
  year={2018},
  publisher={IOP Publishing}
}

@article{rubin,
  title={LSST: from science drivers to reference design and anticipated data products},
  author={Ivezi{\'c}, {\v{Z}}eljko and Kahn, Steven M and Tyson, J Anthony and Abel, Bob and Acosta, Emily and Allsman, Robyn and Alonso, David and AlSayyad, Yusra and Anderson, Scott F and Andrew, John and others},
  journal={The Astrophysical Journal},
  volume={873},
  number={2},
  pages={111},
  year={2019},
  publisher={IOP Publishing}
}

@article{atlas,
  title={The ATLAS experiment at the CERN large hadron collider},
  author={Aad, Georges and Anduaga, Xabier Sebastian and Antonelli, S and Bendel, M and Breiler, B and Castrovillari, F and Civera, JV and Del Prete, T and Dova, Maria Teresa and Duffin, S and others},
  year={2008},
  publisher={IOP Publishing}
}

@article{gr,
  title={Die feldgleichungen der gravitation},
  author={Einstein, Albert},
  journal={Sitzungsberichte der K{\"o}niglich Preu{\ss}ischen Akademie der Wissenschaften},
  pages={844--847},
  year={1915}
}

@book{multilevel,
  title={Data analysis using regression and multilevel/hierarchical models},
  author={Gelman, Andrew and Hill, Jennifer},
  year={2006},
  publisher={Cambridge university press}
}

@book{gp,
  title={Gaussian processes for machine learning},
  author={Williams, Christopher KI and Rasmussen, Carl Edward},
  volume={2},
  number={3},
  year={2006},
  publisher={MIT press Cambridge, MA}
}

@article{cnn,
  title={Convolutional networks for images, speech, and time series},
  author={LeCun, Yann and Bengio, Yoshua and others},
  journal={The handbook of brain theory and neural networks},
  volume={3361},
  number={10},
  pages={1995},
  year={1995},
  publisher={Citeseer}
}

@article{transformer,
  title={Attention is all you need},
  author={Vaswani, Ashish and Shazeer, Noam and Parmar, Niki and Uszkoreit, Jakob and Jones, Llion and Gomez, Aidan N and Kaiser, {\L}ukasz and Polosukhin, Illia},
  journal={Advances in neural information processing systems},
  volume={30},
  year={2017}
}

@article{foundation,
  title={On the opportunities and risks of foundation models},
  author={Bommasani, Rishi and Hudson, Drew A and Adeli, Ehsan and Altman, Russ and Arora, Simran and von Arx, Sydney and Bernstein, Michael S and Bohg, Jeannette and Bosselut, Antoine and Brunskill, Emma and others},
  journal={arXiv preprint arXiv:2108.07258},
  year={2021}
}

@article{transfer,
  title={A survey of transfer learning},
  author={Weiss, Karl and Khoshgoftaar, Taghi M and Wang, DingDing},
  journal={Journal of Big data},
  volume={3},
  number={1},
  pages={1--40},
  year={2016},
  publisher={SpringerOpen}
}

@article{adversarial_training,
  title={Ensemble adversarial training: Attacks and defenses},
  author={Tram{\`e}r, Florian and Kurakin, Alexey and Papernot, Nicolas and Goodfellow, Ian and Boneh, Dan and McDaniel, Patrick},
  journal={arXiv preprint arXiv:1705.07204},
  year={2017}
}

@misc{adversarial1,
      title={Explaining and Harnessing Adversarial Examples}, 
      author={Ian J. Goodfellow and Jonathon Shlens and Christian Szegedy},
      year={2015},
      eprint={1412.6572},
      archivePrefix={arXiv},
      primaryClass={stat.ML}
}

@article{proton_substructure,
  title={Deep inelastic scattering: Experiments on the proton and the observation of scaling},
  author={Kendall, Henry W},
  journal={Reviews of Modern Physics},
  volume={63},
  number={3},
  pages={597},
  year={1991},
  publisher={APS}
}

@book{natural_selection,
  title={On the origin of species},
  author={Darwin, Charles},
  year={1859},
  publisher={John Murray, London}
}

@article{dropout,
  title={Dropout: a simple way to prevent neural networks from overfitting},
  author={Srivastava, Nitish and Hinton, Geoffrey and Krizhevsky, Alex and Sutskever, Ilya and Salakhutdinov, Ruslan},
  journal={The journal of machine learning research},
  volume={15},
  number={1},
  pages={1929--1958},
  year={2014},
  publisher={JMLR. org}
}

@incollection{early_stop,
  title={Early stopping-but when?},
  author={Prechelt, Lutz},
  booktitle={Neural Networks: Tricks of the trade},
  pages={55--69},
  year={2002},
  publisher={Springer}
}

@incollection{stochastic,
  title={Stochastic gradient descent tricks},
  author={Bottou, L{\'e}on},
  booktitle={Neural Networks: Tricks of the Trade: Second Edition},
  pages={421--436},
  year={2012},
  publisher={Springer}
}

@article{alphafold,
  title={Highly accurate protein structure prediction with AlphaFold},
  author={Jumper, John and others},
  journal={Nature},
  volume={596},
  number={7873},
  pages={583--589},
  year={2021},
  publisher={Nature Publishing Group}
}

@article{expansion,
  title={A relation between distance and radial velocity among extra-galactic nebulae},
  author={Hubble, Edwin},
  journal={PNAS},
  volume={15},
  number={3},
  pages={168--173},
  year={1929},
  publisher={National Acad Sciences}
}

@article{expansion2,
  title={The velocity-distance relation among extra-galactic nebulae},
  author={Hubble, Edwin and Humason, Milton L},
  journal={\apj},
  volume={74},
  pages={43},
  year={1931}
}

@book{galileo,
  title     = {Sidereus Nuncius},
  author    = {Galileo Galilei},
  publisher = {T.~Baglioni},
  year      = 1610
}

@ARTICLE{ccd,
       author = {Mackay, Craig D.},
        title = {Charge-coupled devices in astronomy},
      journal = {\araa},
         year = 1986,
        month = jan,
       volume = {24},
        pages = {255-283},
          doi = {10.1146/annurev.aa.24.090186.001351},
}
